@article{10.1086/422559,
 author = {Mark Bils and Peter J. Klenow},
 journal = {Journal of Political Economy},
 number = {5},
 pages = {947--985},
 publisher = {The University of Chicago Press},
 title = {Some Evidence on the Importance of Sticky Prices},
 volume = {112},
 year = {2004}
}

@article{10.1086/512625,
 author = {Mikhail Golosov and Robert E. Lucas Jr.},
 journal = {Journal of Political Economy},
 number = {2},
 pages = {171--199},
 publisher = {The University of Chicago Press},
 title = {Menu Costs and Phillips Curves},
 volume = {115},
 year = {2007}
}

@article{10.1257/aer.102.6.2798,
Author = {Bils, Mark and Klenow, Peter J. and Malin, Benjamin A.},
Title = {Reset Price Inflation and the Impact of Monetary Policy Shocks},
Journal = {American Economic Review},
Volume = {102},
Number = {6},
Year = {2012},
Month = {May},
Pages = {2798-2825}}

@techreport{NBERw13455,
 title = {Prices and Market Shares in a Menu Cost Model},
 author = "Burstein, Ariel and Hellwig, Christian",
 institution = "National Bureau of Economic Research",
 type = "Working Paper",
 series = "Working Paper Series",
 number = "13455",
 year = "2007",
 month = "September"
}

@techreport{NBERw15826,
 title = {Microeconomic Evidence on Price-Setting},
 author = "Klenow, Peter J and Malin, Benjamin A",
 institution = "National Bureau of Economic Research",
 type = "Working Paper",
 series = "Working Paper Series",
 number = "15826",
 year = "2010",
 month = "March"
}

@techreport{PS123,
 title = {Price Selection},
 author = "Carvalho, Carlos and Kryvtsov, Oleksiy",
 type = "Working Paper",
 year = "2018",
 month = "June"
}


@article{doi:10.1093/restud/rds028,
author = {Kryvtsov, Oleksiy and Midrigan, Virgiliu},
title = {Inventories, Markups, and Real Rigidities in Menu Cost Models},
journal = {The Review of Economic Studies},
volume = {80},
number = {1},
pages = {249-276},
year = {2013}
}

@ARTICLE{RePEc:eee:jeborg:v:133:y:2017:i:c:p:373-384,
title = {Using methods from machine learning to evaluate behavioral models of choice under risk and ambiguity},
author = {Peysakhovich, Alexander and Naecker, Jeffrey},
year = {2017},
journal = {Journal of Economic Behavior & Organization},
volume = {133},
number = {C},
pages = {373-384}}

@article{10.1257/aer.p20151021,
Author = {Bajari, Patrick and Nekipelov, Denis and Ryan, Stephen P. and Yang, Miaoyu},
Title = {Machine Learning Methods for Demand Estimation},
Journal = {American Economic Review},
Volume = {105},
Number = {5},
Year = {2015},
Month = {May},
Pages = {481-85}}

@techreport{PS1234,
 title = {Machine Learning for Continuous-Time Economics},
 author = "Duarte, Victor",
 type = "Working Paper",
 year = "2018",
 month = "April"
}

@article{10.1257/jep.31.2.87,
Author = {Mullainathan, Sendhil and Spiess, Jann},
Title = {Machine Learning: An Applied Econometric Approach},
Journal = {Journal of Economic Perspectives},
Volume = {31},
Number = {2},
Year = {2017},
Month = {May},
Pages = {87-106}}

@techreport{PS1235,
 title = {Estimating Strategic Complementarity in a State-Dependent Pricing Model},
 author = "Bonomo, Marco and Medeiros, Marcelo, and Correa, Arnildo",
 type = "Working Paper",
 year = "2018",
 month = "April"
}

@ARTICLE{RePEc:aea:aecrev:v:85:y:1995:i:3:p:512-31,
title = {Intermediate Goods and Business Cycles: Implications for Productivity and Welfare},
author = {Basu, Susanto},
year = {1995},
journal = {American Economic Review},
volume = {85},
number = {3},
pages = {512-31}
}

@ARTICLE{RePEc:tpr:jeurec:v:4:y:2006:i:5:p:893-928,
title = {Pricing, Production, and Persistence},
author = {Dotsey, Michael and King, Robert},
year = {2006},
journal = {Journal of the European Economic Association},
volume = {4},
number = {5},
pages = {893-928}
}

@Article{Breiman2001,
author="Breiman, Leo",
title={Random Forests},
journal="Machine Learning",
year="2001",
month="Oct",
day="01",
volume="45",
number="1",
pages="5--32"
}

@Article{Book,
author="Hastie, Trevor and Tibshirani, Robert, and Friedman, Jerome",
title={The Elements of Statistical Learning, Second Edition},
journal="Springer",
year="2008"
}

@article{doi:10.1162/,
author = {Cavallo, Alberto},
title = {Scraped Data and Sticky Prices},
journal = {The Review of Economics and Statistics},
volume = {100},
number = {1},
pages = {105-119},
year = {2018}
}

